@Article{Galle2016,
  author       = {Galle, M.},
  date         = {2016},
  journaltitle = {Nutrinews},
  title        = {Belang van een goede verdeling van maaltijden en andere eetmomenten},
  number       = {2},
  url          = {https://www.nice-info.be/nutrinews/belang-van-een-goede-verdeling-van-maaltijden-en-andere-eetmomenten},
  urldate      = {2024-05-21},
  volume       = {2016},
}

@InProceedings{Yokoi2015,
  author    = {Yokoi, Satoshi and Doman, Keisuke and Hirayama, Takatsugu and Ide, Ichiro and Deguchi, Daisuke and Murase, Hiroshi},
  booktitle = {2015 IEEE International Conference on Multimedia &amp; Expo Workshops (ICMEW)},
  date      = {2015-06},
  title     = {Typicality analysis of the combination of ingredients in a cooking recipe for assisting the arrangement of ingredients},
  doi       = {10.1109/icmew.2015.7169858},
  publisher = {IEEE},
}

@Article{Ueda2011,
  author = {Ueda, Mayumi and Takahata, Mari and Nakajima, Shinsuke},
  date   = {2011-01},
  title  = {User's Food Preference Extraction for Personalized Cooking Recipe Recommendation},
  volume = {781},
}

@InProceedings{Chaudhuri2003,
  author       = {Chaudhuri, Surajit and Ganjam, Kris and Ganti, Venkatesh and Motwani, Rajeev},
  date         = {2003-06},
  title        = {Robust and Efficient Fuzzy Match for Online Data Cleaning},
  doi          = {10.1145/872757.872796},
  pages        = {313-324},
  journaltitle = {Proceedings of the ACM SIGMOD International Conference on Management of Data},
}

@InProceedings{Galanis2022,
  author    = {Galanis, Nikolaos-Ioannis and Papakostas, George A.},
  booktitle = {2022 IEEE World Conference on Applied Intelligence and Computing (AIC)},
  date      = {2022-06},
  title     = {An update on cooking recipe generation with Machine Learning and Natural Language Processing},
  doi       = {10.1109/aic55036.2022.9848929},
  publisher = {IEEE},
}

@Thesis{MichalBien2020,
  author      = {Bień, Michał and Gilski, Michał and Maciejewska, Martyna and Wojciech, Taisner},
  date        = {2020},
  institution = {Poznan University of TechnologyInstitute of Computing Science},
  title       = {Cooking recipes generator utilizing a deep learning-based language model},
  type        = {bathesis},
  doi         = {10.13140/RG.2.2.23904.51200},
  language    = {en},
}

@Online{Karabiber,
  author       = {Karabiber, Fatih},
  date         = {2024},
  editor       = {Brendan, Martin and Lewis, Rhys and Forde, Dylan},
  title        = {Eigenspace},
  url          = {https://www.learndatasci.com/glossary/eigenspace/},
  organization = {LearnDataSci.},
  urldate      = {2024-05-21},
}

@Online{Karabiber2024,
  author = {Karabiber, Fatih},
  date   = {2024},
  editor = {Brendan, Martin and Lewis, Rhys},
  title  = {TF-IDF — Term Frequency-Inverse Document Frequency},
  url    = {https://www.learndatasci.com/glossary/tf-idf-term-frequency-inverse-document-frequency/},
}

@Article{Ahn2011,
  author       = {Ahn, Yong-Yeol and Ahnert, Sebastian E. and Bagrow, James P. and Barabási, Albert-László},
  date         = {2011-12},
  journaltitle = {Scientific Reports},
  title        = {Flavor network and the principles of food pairing},
  doi          = {10.1038/srep00196},
  issn         = {2045-2322},
  number       = {1},
  volume       = {1},
  publisher    = {Springer Science and Business Media LLC},
}

@Comment{jabref-meta: databaseType:biblatex;}

@Comment{jabref-meta: fileDirectory-Mikel-MIKELE:C:\\Users\\Mikel\\OneDrive - Hogeschool Gent\\Documenten\\Vakken\\MT2SEM2\\Research Methods\\Papers;}

@Comment{jabref-meta: fileDirectoryLatex-Mikel-MIKELE:C:\\Users\\Mikel\\OneDrive - Hogeschool Gent\\Documenten\\Vakken\\MT2SEM2\\Research Methods\\Tex-files\\out;}
